<record><leader>00000cas a22000007a 4500</leader><controlfield tag="001">14074461</controlfield><controlfield tag="008">860811d18561856njuwr ne      0    0eng d</controlfield><datafield ind1=" " ind2=" " tag="010"><subfield code="a">sn 86077225 </subfield></datafield><datafield ind1=" " ind2=" " tag="040"><subfield code="a">NPA</subfield><subfield code="b">eng</subfield><subfield code="c">NPA</subfield><subfield code="d">OCLCG</subfield><subfield code="d">OCLCQ</subfield><subfield code="d">OCLCF</subfield></datafield><datafield ind1="1" ind2=" " tag="029"><subfield code="a">AU@</subfield><subfield code="b">000025808636</subfield></datafield><datafield ind1=" " ind2=" " tag="042"><subfield code="a">msc</subfield></datafield><datafield ind1="0" ind2=" " tag="130"><subfield code="a">Union (Weston, N.J. : 1856)</subfield></datafield><datafield ind1="1" ind2="4" tag="245"><subfield code="a">The union.</subfield></datafield><datafield ind1=" " ind2=" " tag="260"><subfield code="a">Weston, N.J. ;</subfield><subfield code="a">Boundbrook, N.J. :</subfield><subfield code="b">Isaac R. Cornell, Dan Talmage, O.C. Cone</subfield></datafield><datafield ind1=" " ind2=" " tag="300"><subfield code="a">v.</subfield></datafield><datafield ind1=" " ind2=" " tag="310"><subfield code="a">Weekly</subfield></datafield><datafield ind1="1" ind2=" " tag="362"><subfield code="a">Began with July 30, 1856 issue; ceased in 1856.</subfield><subfield code="z">Cf. Wright, W.C.and Stellhorn, P.A. Direct. of N.J. newspapers.</subfield></datafield><datafield ind1=" " ind2=" " tag="500"><subfield code="a">A campaign newspaper supporting Millard Fillmore for President.</subfield></datafield><datafield ind1=" " ind2=" " tag="500"><subfield code="a">Place of publication and publishers from publisher's statement; masthead reads "Somerset Co., N.J."</subfield></datafield><datafield ind1=" " ind2=" " tag="588"><subfield code="a">Description based on: No. 3 (Aug. 13, 1856).</subfield></datafield><datafield ind1="1" ind2="0" tag="600"><subfield code="a">Fillmore, Millard,</subfield><subfield code="d">1800-1874.</subfield></datafield><datafield ind1="1" ind2="7" tag="600"><subfield code="a">Fillmore, Millard,</subfield><subfield code="d">1800-1874.</subfield><subfield code="2">fast</subfield><subfield code="0">(OCoLC)fst00009740</subfield></datafield><datafield ind1=" " ind2=" " tag="752"><subfield code="a">United States</subfield><subfield code="b">New Jersey</subfield><subfield code="c">Somerset.</subfield></datafield></record>